@book{donaldson,
  author        = {Donaldson, Simon},
  publisher     = {Oxford University Press},
  series        = {Oxford Graduate Texts in Mathematics},
  title         = {Riemann Surfaces},
  volume        = {22},
  year          = {2011}
}
@book{kirwan,
  author        = {Kirwan, Frances Clare},
  title         = {Complex algebraic curves},
  year          = {1992},
  volume        = {23},
  publisher     = {Cambridge University Press}
}
@phdthesis{riemann,
  author        = {Riemann, Bernhard},
  school        = {University of G\"ottingen},
  title         = {Grundlagen f\"ur eine allgemeine Theorie Functionen einer ver\"anderlichen complexen Gro{\ss}en},
  year          = {1851}
}
@article{alexandroff,
  author        = {Alexandroff, P.},
  journal       = {Mathematische Annalen},
  pages         = {294--301},
  title         = {\"Uber die Metrisation der im Kleinen kompakten topologischen R\"aume},
  volume        = {92},
  year          = {1924}
}
@book{cavalieri,
  author        = {Cavalieri, Renzo and Miles, Eric (Eric W.)},
  publisher     = {Cambridge University Press},
  series        = {London Mathematical Society student texts},
  volume        = {87},
  title         = {Riemann surfaces and algebraic curves : a first course in Hurwitz theory},
  year          = {2016}
}
@book{lee,
  author        = {Lee, John.},
  publisher     = {Springer New York},
  series        = {Graduate Texts in Mathematics, 202},
  title         = {Introduction to Topological Manifolds},
  year          = {2011}
}
@article{rado,
  title         = {Uber den Begriff Riemannschen Fl{\"a}che, Szeged Univ},
  author        = {Rad{\'o}, T},
  journal       = {Act},
  volume        = {2},
  pages         = {101--121},
  year          = {1925}
}
@book{miranda,
  author        = {Miranda, Rick},
  booktitle     = {Algebraic curves and Riemann surfaces},
  publisher     = {American Mathematical Society},
  series        = {Graduate studies in mathematics ; v. 5},
  title         = {Algebraic curves and Riemann surfaces},
  year          = {1995}
}
@book{varolin,
  author        = {Varolin, Dror},
  volume        = {125},
  year          = {2011},
  publisher     = {American Mathematical Society},
  series        = {Graduate Studies in Mathematics},
  title         = {Riemann surfaces by way of complex analytic geometry}
}
@book{shafarevich,
  author        = {Shafarevich, I. R.},
  year          = {1977 - 1974},
  publisher     = {Springer},
  title         = {Basic algebraic geometry.}
}
@book{tu,
  author        = {Tu, Loring W.},
  year          = {2008},
  publisher     = {Springer},
  series        = {Universitext},
  title         = {An introduction to manifolds}
}
@book{warner,
  author        = {Warner, Frank W.},
  year          = {1971},
  title         = {Foundations of differentiable manifolds and Lie groups}
}
@book{griffiths,
	year = {1978},
	author = {Griffiths, Phillip and Harris, Joe.},
	booktitle = {Principles of algebraic geometry},
	title = {Principles of algebraic geometry },
}
@book{rudin,
	year = {1987},
	author = {Rudin, Walter},
	title = {Real and complex analysis},
}
@article{riemann2,
	title = {Theorie der Abel'schen Functionen.},
	author = {Riemann, Bernhard},
	volume = {1857},
	year = {1857},
}
@book{forster,
	year = {1981},
	author = {Forster, Otto},
	title = {Lectures on Riemann surfaces},
	publisher = {Springer-Verlag},
	series = {Graduate texts in mathematics ; 81},
}
@book{polchinski,
	year = {1998},
	author = {Polchinski, Joseph.},
	publisher = {Cambridge University Press},
	title = {String theory.},
}
@article{hurwitz,
  title={\"Uber Riemann’sche Fl\"achen mit gegebenen Verzweigungspunkten},
  author={Hurwitz, Adolf},
  year={1932},
  publisher={Springer}
}
@book{bott,
	title={Differential Forms in Algebraic Topology},
	author={Bott, Raoul and Tu, Loring W.},
	year={2011},
	publisher={Springer New York, NY}
}
@article{abikoff,
author = {Abikoff, William},
journal = {The American mathematical monthly},
pages = {574-},
title = {The Uniformization Theorem},
year = {1981},
volume = {88},
}
@book{stillwell,
author = {Stillwell, John.},
booktitle = {Mathematics and its history},
edition = {2nd ed.},
keywords = {Mathematics – History},
publisher = {Springer},
series = {Undergraduate texts in mathematics},
title = {Mathematics and its history },
year = {2002},
}

